@online{bretvictor,
	author = {Bret Victor},
	title = {Learnable Programming},
	year = {2012},
	howpublished = "\url{http://worrydream.com/#!/LearnableProgramming}",
	url = {http://worrydream.com/#!/LearnableProgramming},
}

@online{bison,
	author = {GNU},
	title = {Bison - GNU Project},
	year = {2014},
	howpublished = "\url{https://www.gnu.org/software/bison/}",
	url = {https://www.gnu.org/software/bison/},
}


@online{acmtdop,
	author = {Vaughnan R. Pratt},
	title = {Top Down operator precedence},
	year = {1973},
	howpublished = "\url{http://dl.acm.org/citation.cfm?id=512931}",
	url = {http://dl.acm.org/citation.cfm?id=512931},
}

@online{codemirrorapi,
	author = {Codemirror},
	title = {Codemirror Manual},
	year = {2016},
	howpublished = "\url{https://codemirror.net/doc/manual.html#overview}",
	url = {https://codemirror.net/doc/manual.html#overview},
}


@online{typesafety,
	author = {Wikipedia},
	title = {Type safety},
	year = {2016},
	howpublished = "\url{https://en.wikipedia.org/wiki/Type_safety}",
	url = {https://en.wikipedia.org/wiki/Type_safety},
}

@online{memorysafety,
	author = {Wikipedia},
	title = {Memory safety},
	year = {2016},
	howpublished = "\url{https://en.wikipedia.org/wiki/Memory_safety}",
	url = {https://en.wikipedia.org/wiki/Memory_safety},
}

@online{statictypecheck,
	author = {Wikipedia},
	title = {Static type checking},
	year = {2016},
	howpublished = "\url{https://en.wikipedia.org/wiki/Static_type-checking}",
	url = {https://en.wikipedia.org/wiki/Static_type-checking},
}

@online{pegjs,
	author = {David Majda},
	title = {PEG.js},
	year = {2010-2016},
	howpublished = "\url{http://pegjs.org}",
	url = {http://pegjs.org},
}

@online{lookahead,
	author = {Tim Vroom},
	title = {Using Look-Ahead and Look-Behind},
	year = {2005},
	howpublished = "\url{http://www.perlmonks.org/?node_id=518444}",
	url = {http://www.perlmonks.org/?node_id=518444},
}

@online{mundoingles,
	author = {El mundo},
	title = {El 63\% de los alumnos españoles no comprende el inglés al finalizar la ESO},
	year = {2012},
	howpublished = "\url{http://www.elmundo.es/elmundo/2012/06/21/espana/1340281749.html}",
	url = {http://www.elmundo.es/elmundo/2012/06/21/espana/1340281749.html},
}

@online{conflictoll3,
	author = {Wikipedia},
	title = {LL parser, Solutions to LL(1) conflicts},
	year = {2016},
	howpublished = "\url{https://en.wikipedia.org/wiki/LL_parser#Solutions_to_LL.281.29_Conflicts}",
	url = {https://en.wikipedia.org/wiki/LL_parser#Solutions_to_LL.281.29_Conflicts},
}

@online{dcg,
	author = {Wikipedia},
	title = {Definite clause grammar},
	year = {2016},
	howpublished = "\url{https://en.wikipedia.org/wiki/Definite_clause_grammar}",
	url = {https://en.wikipedia.org/wiki/Definite_clause_grammar},
}

@online{bnf,
	author = {Lars Marius Garshol},
	title = {BNF and EBNF: What are they and how do they work?},
	year = {2008},
	howpublished = "\url{http://www.garshol.priv.no/download/text/bnf.html}",
	url = {http://www.garshol.priv.no/download/text/bnf.html},
}

@online{codemirrorsyntaxhighlight,
	author = {Ingo},
	title = {CodeMirror (Source) Syntax Highlighting},
	year = {2015},
	howpublished = "\url{http://ckeditor.com/addon/codemirror}",
	url = {http://ckeditor.com/addon/codemirror},
}

@online{codemirrorautocomplete,
	author = {Codemirror},
	title = {Codemirror: Autocomplete Demo},
	year = {2016},
	howpublished = "\url{https://codemirror.net/demo/complete.html}",
	url = {https://codemirror.net/demo/complete.html},
}

@online{javascriptfunctional,
	author = {Marijn Haverbeke},
	title = {Eloquent Javascript: Functional Programming},
	year = {2013},
	howpublished = "\url{http://eloquentjavascript.net/1st_edition/chapter6.html}",
	url = {http://eloquentjavascript.net/1st_edition/chapter6.html},
}

@online{levensthein,
	author = {Wikipedia},
	title = {Distancia de edición},
	year = {2015},
	howpublished = "\url{https://es.wikipedia.org/wiki/Distancia_de_Levenshtein}",
	url = {https://es.wikipedia.org/wiki/Distancia_de_Levenshtein},
}

@online{lcs,
	author = {Wikipedia},
	title = {Problema de la subsecuencia común más larga},
	year = {2016},
	howpublished = "\url{https://es.wikipedia.org/wiki/Problema_de_Subsecuencia_Com%C3%BAn_mas_Larga}",
	url = {https://es.wikipedia.org/wiki/Problema_de_Subsecuencia_Com%C3%BAn_mas_Larga},
}

@online{javascriptasync,
	author = {Joe \& T. Jameson @ StackOverflow},
	title = {Why is Node.JS asynchronous?},
	year = {2013},
	howpublished = "\url{http://stackoverflow.com/questions/17607280/why-is-node-js-asynchronous}",
	url = {http://stackoverflow.com/questions/17607280/why-is-node-js-asynchronous},
}

@online{breakpoint,
	author = {Wikipedia},
	title = {Breakpoint},
	year = {2016},
	howpublished = "\url{https://en.wikipedia.org/wiki/Breakpoint}",
	url = {https://en.wikipedia.org/wiki/Breakpoint},
}

@online{diff,
	author = {Wikipedia},
	title = {Diff utility},
	year = {2016},
	howpublished = "\url{https://en.wikipedia.org/wiki/Diff_utility}",
	url = {https://en.wikipedia.org/wiki/Diff_utility},
}

@online{callbackhell,
	author = {J. Hegedus \& Hugo M.G. @  StackOverflow},
	title = {What is callback hell and how why RX solves it?},
	year = {2014},
	howpublished = "\url{http://stackoverflow.com/questions/25098066/what-is-callback-hell-and-how-and-why-rx-solves-it#25098230}",
	url = {http://stackoverflow.com/questions/25098066/what-is-callback-hell-and-how-and-why-rx-solves-it#25098230},
}

@online{async,
	author = {Caolan con multiples autores.},
	title = {Async documentation},
	year = {2016},
	howpublished = "\url{http://caolan.github.io/async/}",
	url = {http://caolan.github.io/async/},
}

@online{jnsigwt,
	author = {GWT Project},
	title = {Writing Native JavaScript Methods},
	year = {¿2016?},
	howpublished = "\url{http://www.gwtproject.org/doc/latest/DevGuideCodingBasicsJSNI.html}",
	url = {http://www.gwtproject.org/doc/latest/DevGuideCodingBasicsJSNI.html},
}

@online{peg,
	author = {Wikipedia},
	title = {Parsing Expression Grammar},
	year = {2016},
	howpublished = "\url{https://en.wikipedia.org/wiki/Parsing_expression_grammar}",
	url = {https://en.wikipedia.org/wiki/Parsing_expression_grammar},
}

@online{syntaxhighlight,
	author = {Advait Sarkar},
	title = {The impact of syntax colouring on program comprehension},
	year = {¿2015?},
	howpublished = "\url{http://www.ppig.org/sites/default/files/2015-PPIG-26th-Sarkar.pdf}",
	url = {http://www.ppig.org/sites/default/files/2015-PPIG-26th-Sarkar.pdf},
}

@online{microsoftresearchautocomplete,
	author = {Surajit Chaudhuri \& Raghav Kaushik},
	title = {Extending Autocompletion To Tolerate Errors},
	year = {2016},
	howpublished = "\url{http://www.microsoft.com/en-us/research/publication/extending-autocompletion-to-tolerate-errors/}",
	url = {http://www.microsoft.com/en-us/research/publication/extending-autocompletion-to-tolerate-errors/},
}


